<collection xmlns="http://www.loc.gov/MARC21/slim">
<record>
  <leader>01495nam0a2200313 i 450 </leader>
  <controlfield tag="001">IT\ICCU\CNCE\011353</controlfield>
  <controlfield tag="005">19980703000000.0</controlfield>
  <datafield tag="012" ind1=" " ind2=" ">
    <subfield code="a">o-ua n-di chRe leto (3) 1543 (R)</subfield>
    <subfield code="2">fei</subfield>
  </datafield>
  <datafield tag="100" ind1=" " ind2=" ">
    <subfield code="a">19970101d1543        0itac0103    ba</subfield>
  </datafield>
  <datafield tag="101" ind1=" " ind2=" ">
    <subfield code="a">ITA</subfield>
  </datafield>
  <datafield tag="102" ind1=" " ind2=" ">
    <subfield code="a">IT</subfield>
  </datafield>
  <datafield tag="200" ind1="1" ind2=" ">
    <subfield code="a">Epistole, lettioni et euangeli che si leggono in tutto l&apos;anno, tradotti in lingua tosca per Antonio Brucioli</subfield>
  </datafield>
  <datafield tag="210" ind1=" " ind2=" ">
    <subfield code="a">In Venetia</subfield>
    <subfield code="c">per Venturino Roffinelli</subfield>
    <subfield code="d">del mese di maggio 1543</subfield>
  </datafield>
  <datafield tag="215" ind1=" " ind2=" ">
    <subfield code="a">131, \1! c.</subfield>
    <subfield code="d">8ʻ</subfield>
  </datafield>
  <datafield tag="500" ind1="1" ind2="0">
    <subfield code="3">IT\ICCU\CNCE\045507</subfield>
    <subfield code="a">Lectionarium missae</subfield>
  </datafield>
  <datafield tag="620" ind1=" " ind2=" ">
    <subfield code="a">IT</subfield>
    <subfield code="d">Venezia</subfield>
  </datafield>
  <datafield tag="710" ind1="0" ind2="2">
    <subfield code="a">Chiesa cattolica</subfield>
    <subfield code="3">6731</subfield>
  </datafield>
  <datafield tag="702" ind1=" " ind2="1">
    <subfield code="a">Brucioli,</subfield>
    <subfield code="b">Antonio</subfield>
    <subfield code="3">IT\ICCU\CNCA\000287</subfield>
  </datafield>
  <datafield tag="712" ind1="0" ind2="0">
    <subfield code="a">Ruffinelli, Venturino</subfield>
    <subfield code="3">IT\ICCU\CNCT\000115</subfield>
    <subfield code="4">650</subfield>
  </datafield>
  <datafield tag="790" ind1=" " ind2="1">
    <subfield code="a">Bruccioli,</subfield>
    <subfield code="b">Antonio</subfield>
    <subfield code="3">IT\ICCU\CNCA\012848</subfield>
    <subfield code="z">Brucioli, Antonio</subfield>
  </datafield>
  <datafield tag="791" ind1="0" ind2="0">
    <subfield code="a">Roffinelli, Venturino</subfield>
    <subfield code="3">IT\ICCU\CNCT\002580</subfield>
    <subfield code="z">Ruffinelli, Venturino</subfield>
  </datafield>
  <datafield tag="791" ind1="0" ind2="0">
    <subfield code="a">Ruffinello, Venturino</subfield>
    <subfield code="3">IT\ICCU\CNCT\005448</subfield>
    <subfield code="z">Ruffinelli, Venturino</subfield>
  </datafield>
  <datafield tag="791" ind1="0" ind2="0">
    <subfield code="a">Ruffinellus, Venturinus</subfield>
    <subfield code="3">IT\ICCU\CNCT\005450</subfield>
    <subfield code="z">Ruffinelli, Venturino</subfield>
  </datafield>
  <datafield tag="791" ind1="0" ind2="0">
    <subfield code="a">Ruffinellis, Venturinus de</subfield>
    <subfield code="3">IT\ICCU\CNCT\005461</subfield>
    <subfield code="z">Ruffinelli, Venturino</subfield>
  </datafield>
  <datafield tag="791" ind1="0" ind2="0">
    <subfield code="a">Roffinello, Venturino</subfield>
    <subfield code="3">IT\ICCU\CNCT\005463</subfield>
    <subfield code="z">Ruffinelli, Venturino</subfield>
  </datafield>
  <datafield tag="791" ind1="0" ind2="0">
    <subfield code="a">Roffinellus, Venturinus</subfield>
    <subfield code="3">IT\ICCU\CNCT\005468</subfield>
    <subfield code="z">Ruffinelli, Venturino</subfield>
  </datafield>
  <datafield tag="801" ind1=" " ind2="3">
    <subfield code="a">IT</subfield>
    <subfield code="b">ICCU</subfield>
    <subfield code="c">20201113</subfield>
  </datafield>
  <datafield tag="899" ind1=" " ind2=" ">
    <subfield code="a">Biblioteca Apostolica Vaticana. Citt ̉del Vaticano</subfield>
    <subfield code="z">MUTILO</subfield>
    <subfield code="1">EX0001</subfield>
    <subfield code="2">ZCV 01</subfield>
  </datafield>
  <datafield tag="899" ind1=" " ind2=" ">
    <subfield code="a">Biblioteca comunale Manfrediana. Faenza</subfield>
    <subfield code="z">MUTILO</subfield>
    <subfield code="1">RA0016</subfield>
    <subfield code="2">RAV FA</subfield>
  </datafield>
</record>
</collection>
